<record><leader>00000cas a2200000 a 4500</leader><controlfield tag="001">12406971</controlfield><controlfield tag="008">850821d18871888ksuwr ne      0    0eng d</controlfield><datafield ind1=" " ind2=" " tag="010"><subfield code="a">sn 85031797 </subfield></datafield><datafield ind1=" " ind2=" " tag="040"><subfield code="a">KSH</subfield><subfield code="b">eng</subfield><subfield code="c">KSH</subfield><subfield code="d">NPT</subfield><subfield code="d">OCL</subfield><subfield code="d">OCLCQ</subfield></datafield><datafield ind1=" " ind2=" " tag="042"><subfield code="a">msc</subfield></datafield><datafield ind1="0" ind2="0" tag="245"><subfield code="a">Soldier's tribune.</subfield></datafield><datafield ind1=" " ind2=" " tag="260"><subfield code="a">Lyons, Kan. :</subfield><subfield code="b">Soldier's Tribune Pub. Co.,</subfield><subfield code="c">1887-1888.</subfield></datafield><datafield ind1=" " ind2=" " tag="300"><subfield code="a">1 v. ;</subfield><subfield code="c">54 cm.</subfield></datafield><datafield ind1=" " ind2=" " tag="310"><subfield code="a">Weekly</subfield></datafield><datafield ind1="0" ind2=" " tag="362"><subfield code="a">Vol. 1, no. 1 (Dec. 1, 1887)-v. 1, no. 41 (Sept. 6, 1888).</subfield></datafield><datafield ind1="8" ind2=" " tag="521"><subfield code="a">"For ex-soldiers of the union."</subfield></datafield><datafield ind1=" " ind2=" " tag="752"><subfield code="a">United States</subfield><subfield code="b">Kansas</subfield><subfield code="c">Rice</subfield><subfield code="d">Lyons.</subfield></datafield><datafield ind1="0" ind2="0" tag="785"><subfield code="t">Lyons tribune</subfield><subfield code="w">(DLC)sn 85031798</subfield></datafield><datafield ind1="1" ind2=" " tag="029"><subfield code="a">AU@</subfield><subfield code="b">000022173244</subfield></datafield></record>